@Book{tex,
 author    = "Donald E. Knuth",
 title     = "The {\TeX} Book",
 publisher = "Addison-Wesley Publishing Company",
 address   = "Reading, MA",
 year      = 1989,
 edition   = "15th",
}
@book{richardson2008restful,
  title={RESTful web services},
  author={Richardson, Leonard and Ruby, Sam},
  year={2008},
  publisher={O'Reilly Media}
}
@book{allamaraju2010restful,
  title={RESTful Web Services Cookbook},
  author={Allamaraju, Subbu},
  year={2010},
  publisher={Yahoo Press}
}
@phdthesis{fielding2000architectural,
  title={Architectural styles and the design of network-based software architectures},
  author={Fielding, Roy Thomas},
  year={2000},
  school={University of California}
}
@book{ruby2009agile,
  title={Agile web development with Rails},
  author={Ruby, Sam and Thomas, Dave and Hansson, David},
  year={2009},
  publisher={Pragmatic Bookshelf}
}
@book{thomas2004programming,
  title={Programming Ruby},
  author={Thomas, David and Fowler, Chad and Hunt, Andrew},
  volume={13},
  year={2004},
  publisher={Pragmatic Bookshelf}
}
@book{hartl2012ruby,
  title={Ruby on Rails Tutorial: Learn Web Development with Rails},
  author={Hartl, Michael},
  year={2012},
  publisher={Addison-Wesley Professional}
}
@inproceedings{pautasso2008restful,
  title={Restful web services vs. big'web services: making the right architectural decision},
  author={Pautasso, Cesare and Zimmermann, Olaf and Leymann, Frank},
  booktitle={Proceedings of the 17th international conference on World Wide Web},
  pages={805--814},
  year={2008},
  organization={ACM}
}
@inproceedings{story2009foaf,
  title={Foaf+ ssl: Restful authentication for the social web},
  author={Story, Henry and Harbulot, Bruno and Jacobi, Ian and Jones, Mike},
  booktitle={Proceedings of the First Workshop on Trust and Privacy on the Social and Semantic Web (SPOT2009)},
  year={2009}
}
@book{tiwari2011professional,
  title={Professional NoSQL},
  author={Tiwari, Shashank},
  year={2011},
  publisher={Wrox}
}
@article{strauch2011nosql,
  title={NoSQL databases},
  author={Strauch, Christof and Sites, Ultra-Large Scale and Kriha, Walter},
  journal={URL: http://www. christof-strauch. de/nosqldbs. pdf (дата обращения 07.11. 2012)},
  year={2011}
}
@book{membrey2010definitive,
  title={The definitive guide to MongoDB: the noSQL database for cloud and desktop computing},
  author={Membrey, Peter and Plugge, Eelco and Hawkins, Tim},
  year={2010},
  publisher={Apress}
}
@book{banker2011mongodb,
  title={MongoDB in action},
  author={Banker, Kyle},
  year={2011},
  publisher={Manning Publications Co.}
}
@book{chodorow2010mongodb,
  title={MongoDB: the definitive guide},
  author={Chodorow, Kristina and Dirolf, Michael},
  year={2010},
  publisher={O'Reilly Media}
}
@inproceedings{wei2011using,
  title={Using MongoDB to implement textbook management system instead of MySQL},
  author={Wei-ping, Zhu and Ming-xin, Li and Huan, Chen},
  booktitle={Communication Software and Networks (ICCSN), 2011 IEEE 3rd International Conference on},
  pages={303--305},
  year={2011},
  organization={IEEE}
}
@article{abari2012reproducible,
  title={Reproducible Research in Speech Sciences},
  author={Abari, K{\'a}lm{\'a}n},
  year={2012}
}
@Book{companion,
 author    = "Michel Goosens and Frank Mittelbach and Alexander Samarin",
 title     = "The {\LaTeX} Companion",
 publisher = "Addison-Wesley Publishing Company",
 address   = "Reading, MA",
 PAGES = "112--125",
 year      = 1994,
}

@ARTICLE{SHELL02,
  AUTHOR =       "Michael Shell",
  TITLE =        "How to Use the {IEEEtran \LaTeX} Class",
  JOURNAL =      "Journal of {\LaTeX} Class Files",
  YEAR =         2002,
  VOLUME =       12,
  NUMBER =       4,
  PAGES =        "100--120"
}
@book{dzs2001latex2,
  title={LATEX2 [$\varepsilon$] 科技排版指南},
  author={邓建松 and 彭冉冉 and 陈长松},
  year={2001},
  publisher={科学出版社},
  lang = {zh},
}
@article{rantakari2011adapting,
  title={Adapting a Markdown Compiler’s Parser for Syntax Highlighting},
  author={Rantakari, Ali},
  year={2011}
}
@book{dubois2003mysql,
  title={MySQL Cookbook:[covers MySQL 4.0]},
  author={DuBois, Paul},
  year={2003},
  publisher={O'Reilly Media, Inc.}
}